848 1269
239 74 326 92 Algorisnun
336 79 411 93 pros-vens
420 74 481 92 mugi-tri
491 75 564 89 cni-istut
705 76 726 93 18

77 128 191 148 suprapositis,
208 129 225 144 et
240 128 254 145 si
270 133 307 149 uon,
323 130 362 145 tunc
372 129 445 145 ultimam
457 129 532 145 divisoris
543 130 585 150 pone
596 128 626 145 sub
638 128 726 149 penultima

75 154 139 170 numeri
156 154 242 175 dividendi,
257 155 274 171 et
288 155 312 171 sic
326 155 352 171 i'ac
368 155 388 172 de
405 155 442 172 aliis
458 155 532 176 ponendo
548 154 615 176 figuram
627 155 657 171 sub
668 154 725 176 figura.

77 179 113 199 Quo
124 180 168 197 sacto
178 181 221 201 vids,
232 181 309 201 quociens
320 180 371 202 figura
382 181 445 198 numeri
456 181 532 198 divisoris
544 181 636 198 continetur
648 181 665 197 in
673 181 726 202 figura

75 206 108 222 sibi
125 206 186 223 directe
197 207 306 228 superposita,
323 208 348 224 vel
365 208 423 224 melius
441 209 457 224 et
468 207 549 228 subtilius,
560 208 597 224 vide
608 207 685 228 quociens
695 212 725 224 nu-

76 237 131 249 merus
143 233 204 250 divisor
215 233 307 250 continetur
324 234 341 250 i.n
357 233 413 255 figuris
428 233 459 250 sibi
476 233 537 250 directe
547 233 655 255 suprapositis
666 234 683 250 et
693 238 726 250 non

76 259 149 275 continet
165 259 202 280 plus
218 264 267 280 quam
283 259 338 276 novies
356 261 373 276 et
387 265 419 276 non
431 260 484 277 minus
495 265 542 281 quam
554 260 603 276 semel
616 260 632 276 et
643 259 685 276 huno
696 264 725 275 nu-

75 289 138 302 merum
149 286 284 306 denominantem,
295 286 373 307 quociens
386 286 439 303 scribe
450 291 500 307 supra
510 288 559 307 eaput
570 286 614 302 illius
625 285 688 302 numeri
701 285 725 302 di·

75 311 147 333 videndi,
163 312 193 329 suh
208 317 240 333 qua
256 313 282 329 est
293 313 345 333 prima
355 313 418 329 numeri
430 312 509 333 divisoris,
520 313 559 329 tunc
570 312 659 333 multiplica
670 316 725 329 omnes

75 337 137 359 figuras
154 339 216 356 numeri
234 339 309 355 divisoris
325 344 355 360 per
370 339 415 356 illum
427 339 528 360 quocientern
539 340 556 356 et
566 339 662 360 productum
673 338 726 355 scribe

76 364 93 381 in
110 364 163 381 medio
181 365 223 381 inter
239 370 323 381 numerum
340 365 443 382 dividendum
460 366 477 382 et
493 365 579 382 divisorem
590 365 664 385 ponendo
676 369 726 385 supra

75 390 144 411 pn'marn
161 390 229 412 figuram
246 391 310 408 numeri
326 391 400 412 producti
416 396 466 412 supra
482 392 531 412 caput
545 391 590 408 illius
604 391 660 411 figure,
677 395 725 412 quam

75 417 174 437 multiplicas
190 422 220 438 per
236 417 339 438 quocientem
355 418 373 434 et
389 417 475 434 secundam
490 417 519 434 sub
537 417 608 434 secunda
618 421 675 433 versus
686 417 726 433 sini·

75 444 131 459 stram.
147 443 191 460 Tunc
206 443 283 460 subtrahe
298 445 349 460 totum
362 443 458 464 productum
472 448 491 460 ex
502 443 638 464 multiplicacione
649 448 659 459 a
669 442 726 464 figuris

75 469 108 486 sibi
119 469 232 490 suprapositis.
245 469 280 489 Quo
292 469 333 486 sacto
345 469 407 486 scribas
419 469 486 490 primam
497 469 565 490 figuram
575 469 639 486 numeri
650 469 725 486 divisoris

74 496 105 512 suh
121 496 193 516 proxima
208 495 260 516 figura.
271 496 359 517 superioris
375 496 437 513 ordinis
453 500 510 512 versus
527 496 604 512 dextram.
626 495 649 512 Et
665 496 689 512 sic
699 495 726 512 §ac

76 526 112 538 cum
127 522 165 538 aliis
180 522 236 542 figuris
247 522 309 539 numeri
321 522 397 539 divisoris
409 523 426 539 et
437 522 495 539 iterum
507 522 579 539 invenies
590 526 674 538 numerum
686 526 725 543 quo·

76 548 150 567 cientem,
168 553 216 569 quem
232 548 285 565 scribe
302 550 339 565 ante
353 548 424 570 priorem
440 553 489 569 supra
502 550 551 569 caput
562 548 613 569 figure
624 548 726 569 precedentis

74 578 131 591 versus
148 574 219 591 dextram
236 579 305 595 manum,
323 574 413 595 multiplica
430 579 459 595 per
476 579 513 591 eum
525 578 580 591 omnes
592 574 652 595 figuras
663 574 725 590 numeri

74 600 151 617 divisoris
167 602 183 617 et
197 600 294 622 productum
305 600 381 617 subtrahe
392 602 411 617 ut
422 601 472 622 prius.
484 600 506 617 Et
516 600 530 617 si
542 600 630 621 contingat,
641 600 685 621 quod
696 604 725 616 nu-

75 631 129 643 merus
147 626 234 647 productus
251 631 283 643 non
298 628 354 648 posset
370 626 444 643 subtrahi
461 631 471 643 a
487 626 543 648 figuris
562 627 594 643 sibi
613 626 725 648 suprapositis,

74 654 114 669 tuno
124 657 154 674 per
165 657 214 669 unum
225 653 278 669 locum
289 653 369 670 ren-locius
379 653 454 674 ponendo
466 653 531 674 figuras,
542 653 603 670 scribas
613 653 668 670 rifi-m
676 657 726 673 supra

75 680 124 700 caput
134 678 186 700 figure
197 679 214 695 in
226 679 261 696 loco
273 679 369 700 quociontis,
380 679 410 696 sub
421 684 453 700 qua
465 681 490 696 est
501 680 553 700 prima
564 679 616 700 figura
627 679 690 695 numeri
701 679 725 695 di-

74 705 133 722 visoris
150 707 167 722 et
177 707 274 726 transponas
292 710 347 722 omnes
358 705 418 726 figuras
430 705 510 722 inferioris
522 705 583 722 ordinis
594 705 614 722 ad
625 705 661 722 loca
671 705 726 721 omnia

75 732 91 748 in
102 732 174 748 mediate
185 732 290 752 precedencia
301 736 357 748 versus
364 731 441 752 dextram¹
450 732 531 748 etiterum
539 731 611 748 invenies
619 731 725 752 quaerentem.

75 762 123 779 qasm
140 758 201 774 scribes
217 759 254 775 ante
272 758 328 775 cifram
345 762 401 775 versus
416 758 494 778 dextram,
505 757 536 774 hoc
546 758 572 774 i'ao
583 757 663 776 continue,
675 757 725 774 donec

76 789 86 800 a
97 784 149 805 prinis
160 784 223 801 numeri
235 784 310 801 divisoris
322 785 343 801 sit
354 784 436 801 subtracta
447 784 500 805 prima
508 783 561 805 figura
568 784 630 801 numeri
636 783 724 800 dividendi.

75 810 110 830 Quo
122 810 165 827 iacto
177 810 192 827 si
203 811 255 827 totum
266 811 318 831 surgit
329 815 410 831 numerus,
428 810 504 831 quociens
516 810 587 827 ostendit
597 810 632 830 tibi,
648 810 724 831 quociens

76 841 153 853 numerus
161 836 222 853 divisor
229 836 320 853 continetur
327 838 358 853 etc.
367 836 383 853 in
394 841 461 853 numero
472 836 563 853 dividendo.
572 835 589 852 Si
596 837 652 853 autem
663 836 725 857 aliquid

75 863 106 879 erit
122 862 210 883 residuum,
227 862 257 879 hoc
274 867 321 879 serva
336 863 357 879 ad
373 864 441 884 partem,
456 864 473 879 et
488 862 537 879 debet
551 866 615 883 semper
625 862 679 879 minus
690 862 725 879 fore

75 889 151 905 divisore.
162 888 185 905 Et
195 889 209 905 si
221 889 246 905 vis
257 888 331 910 probaro,
342 890 396 905 utrum
407 889 449 906 bene
460 893 478 906 es
490 890 571 909 operatus,
586 890 624 905 tunc
634 888 725 909 multiplica

75 915 175 936 quocientem
191 920 220 936 per
237 915 324 932 divisorem
341 916 358 931 et
373 920 409 931 curn
423 915 502 936 producto
519 914 560 931 adde
580 915 625 935 illud,
643 915 685 935 quod
700 919 724 931 re—

76 941 136 958 mansit
147 942 185 962 post
195 941 297 961 divisionem,
308 942 325 958 et
336 941 420 962 proveniet
430 942 460 958 tibi
471 946 546 958 numerus
554 941 655 962 dividendus,
662 941 725 958 sibeno

75 972 92 984 es
108 969 190 989 operatus,
205 969 222 984 et
236 967 260 984 ita
275 967 390 989 multiplicacio
405 967 463 988 probat
478 967 573 984 divisionem
589 969 605 984 et
621 972 631 984 e
641 972 723 984 converso.

75 993 143 1010 Dividas
155 998 193 1014 ergo
205 994 292 1010 91471800
302 998 332 1015 per
343 994 391 1014 2030,
406 995 445 1010 tuno
456 994 533 1015 quociens
544 995 570 1011 est
580 994 639 1014 45000,
651 998 698 1015 quem
710 994 724 1011 si

75 1020 208 1041 multiplicaveris
223 1024 252 1041 par
267 1020 359 1041 divisorem,
374 1020 437 1037 seilicet
450 1025 478 1040 per
489 1020 533 1037 2030
543 1020 627 1041 proveniet
638 1020 668 1037 tibi
679 1020 724 1041 prior

75 1051 157 1066 numerus,
168 1046 231 1063 scilicet
242 1046 333 1063 91471800.

127 1072 220 1093 Romatio
235 1074 261 1089 est
275 1072 370 1093 aggregatio
385 1077 488 1089 numerorum
504 1072 524 1089 ab
536 1072 598 1089 unitate
609 1072 634 1088 vel
646 1072 724 1090 dualitate

75 1098 174 1119 inceptorum
186 1103 215 1119 per
226 1098 292 1119 equales
304 1103 379 1115 excessus
391 1099 466 1115 continue
477 1100 582 1119 sumptorum.
598 1098 620 1115 Et
626 1100 652 1115 est
659 1099 724 1120 duplex,

75 1125 152 1142 naturalis
164 1126 181 1142 et
191 1125 272 1141 intercisa.
284 1124 367 1141 Naturalis
379 1129 408 1142 seu
419 1125 495 1141 continua
506 1126 536 1145 est,
547 1125 611 1145 quando
618 1125 695 1146 incipitur
703 1125 723 1142 ab

76 1151 137 1168 unitate
153 1152 170 1168 et
185 1151 208 1168 sio
220 1150 323 1168 continuatur
339 1151 388 1168 nichil
400 1151 504 1171 obrnittendo¹
517 1153 534 1168 ut
546 1152 560 1167 1.
572 1152 587 1168 2.
600 1152 615 1168 3.
626 1151 642 1168 4.
654 1151 669 1168 5.
681 1151 695 1168 6.
708 1151 723 1168 7.
